<?xml version="1.0" encoding="UTF-8"?><collection xmlns="http://www.loc.gov/MARC21/slim"><record><leader>00392nam--2200133-i-4500</leader><controlfield tag="001">000003153</controlfield><controlfield tag="002">20161230</controlfield><controlfield tag="005">20161230201025</controlfield><controlfield tag="008">060222s1000------------r-----000-0-eng-d</controlfield><datafield ind1=" " ind2=" " tag="100"><subfield code="a">Battig, A</subfield></datafield><datafield ind1=" " ind2=" " tag="245"><subfield code="a">Hiperones neutros y cargados</subfield></datafield><datafield ind1=" " ind2=" " tag="260"><subfield code="a">San Miguel De Tucuman, Universidad Nacional 1955 60 P. + 2 Pl</subfield></datafield><datafield ind1=" " ind2=" " tag="490"><subfield code="a">Universidad Nacional De Tucuman. Instit.De Fisica Y Mat</subfield></datafield><datafield ind1=" " ind2=" " tag="852"><subfield code="a">12204</subfield></datafield></record></collection>